
@misc{brownlee_simple_2021,
	title = {Simple {Genetic} {Algorithm} {From} {Scratch} in {Python}},
	url = {https://machinelearningmastery.com/simple-genetic-algorithm-from-scratch-in-python/},
	abstract = {The genetic algorithm is a stochastic global optimization algorithm. It may be one of the most popular and widely known biologically inspired algorithms, along with artificial neural networks. The algorithm is a type of evolutionary algorithm and performs an optimization procedure inspired by the biological theory of evolution by means of natural selection with a […]},
	language = {en-US},
	urldate = {2022-12-01},
	journal = {MachineLearningMastery.com},
	author = {Brownlee, Jason},
	month = mar,
	year = {2021},
}

@article{bento_algoritmos_2008,
	title = {Algoritmos genéticos e variantes na solução de problemas de configuração de redes de distribuição},
	volume = {19},
	issn = {0103-1759},
	url = {http://www.scielo.br/scielo.php?script=sci_arttext&pid=S0103-17592008000300006&lng=pt&tlng=pt},
	doi = {10.1590/S0103-17592008000300006},
	abstract = {Este artigo apresenta uma metodologia para resolução de problemas de configuração de redes de distribuição, com aplicação à minimização de perdas elétricas. O método utiliza um Algoritmo Genético (AG) básico e algumas de suas variantes para seus operadores genéticos: Seleção, Cruzamento e Mutação. O emprego do AG possibilita a análise de redes reais, sem necessidade de simplificações ou aproximações, o que permite a obtenção de soluções otimizadas em tempos de execução compatíveis para aplicações em atividades de planejamento da expansão e da operação. As variantes do AG permitem melhorar a robustez dos resultados e reduzir os tempos de execução, compatíveis com a aplicação em redes de distribuição. A metodologia proposta é aplicada, inicialmente, a uma rede de distribuição hipotética, onde é conhecida a configuração de perdas mínimas. Diversas alternativas de parametrizações do AG são efetuadas, o que permite a comparação do desempenho de cada alternativa. As melhores alternativas são aplicadas na resolução de uma rede real, mostrando o grande potencial do modelo.
          , 
            This paper presents a methodology to evaluate the optimal configuration of radial electric power distribution systems. Network loss minimization is set as the main objective to demonstrate the potential in solving real problems. The proposed framework is based on genetic algorithms (GA), which makes possible the analysis of real sized networks. This allows for attaining optimized solutions in an affordable computation time, especially for expansion and operation planning applications. The method requires neither simplifications nor approximations to the original problem formulation, thus improving the quality of the obtained results. Basic (or canonical) GA and some variants are presented, highlighting main functional characteristics of each alternative and respective parameterization. The proposed methodology is first applied to a hypothetical network, in which the minimum losses configuration is known in advance. Several simulations make possible comparing the performance of each GA parameter. Finally, the best parameter settings are applied to a real sized network, illustrating the promising potential of this methodology.},
	number = {3},
	urldate = {2022-12-01},
	journal = {Sba: Controle \& Automação Sociedade Brasileira de Automatica},
	author = {Bento, E. P. and Kagan, N.},
	month = sep,
	year = {2008},
	pages = {302--315},
}